<?xml version="1.0" encoding="UTF-8"?><collection xmlns="http://www.loc.gov/MARC21/slim"><record><leader>00607nam--2200169-u-4500</leader><controlfield tag="001">000053120</controlfield><controlfield tag="002">20161230</controlfield><controlfield tag="005">20161230201050</controlfield><controlfield tag="008">110106s1000------------r-----000-0-eng-d</controlfield><datafield ind1=" " ind2=" " tag="040"><subfield code="a">IFIN-HH</subfield></datafield><datafield ind1=" " ind2=" " tag="080"><subfield code="a">539.12.01(061.3)</subfield></datafield><datafield ind1="1" ind2=" " tag="110"><subfield code="a">Institut National De Physique Nucleaire Et Physuque Des Particules</subfield></datafield><datafield ind1="1" ind2="0" tag="245"><subfield code="a">Symetries fondamentales en physique des particules methodes statistiques appliquees a la physique</subfield><subfield code="b">Gif 94; 26eme session - 26-30 septembre 1994 ; tome 1</subfield></datafield><datafield ind1=" " ind2=" " tag="260"><subfield code="a">Laap, Annecy</subfield><subfield code="b">Ecole De Gif-sur-yvette</subfield><subfield code="c">1994</subfield></datafield><datafield ind1=" " ind2=" " tag="300"><subfield code="a">221P</subfield></datafield><datafield ind1=" " ind2=" " tag="852"><subfield code="a">80536</subfield><subfield code="c">539.12</subfield></datafield><datafield ind1=" " ind2=" " tag="CAT"><subfield code="a">Sys</subfield><subfield code="c">20110106</subfield><subfield code="h">113241</subfield></datafield></record></collection>